@online{auopendata,
	author = {Australian Government},
	title = {Australian open government data},
	date = {11-Apr-2019},
	howpublished = {\url{https://data.gov.au}},
}

@online{gdataset,
	author = {Google},
	title = {Dataset Search},
	date = {11-Apr-2019},
	howpublished = {\url{https://toolbox.google.com/datasetsearch}},
}

@article{molster2007community,
	title={Community attitudes to the collection and use of identifiable data for health research--is it an invasion of privacy?},
	author={Molster, Caron and Bower, Carol and O'Leary, Peter},
	journal={Australian and New Zealand journal of public health},
	volume={31},
	number={4},
	pages={313--317},
	year={2007},
	publisher={Wiley Online Library}
}

@misc{jim_2015_35012,
	author       = {jim},
	title        = {privacy dataset},
	month        = dec,
	year         = 2015,
	doi          = {10.5281/zenodo.35012},
	url          = {\url{https://doi.org/10.5281/zenodo.35012}}
}

@online{openaire,
	author = {EU},
	title = {OpenAIRE-Advance},
	date = {11-Apr-2019},
	howpublished = {\url{https://explore.openaire.eu}},
}

@online{dansNL,
	author = {DANS},
	title = {Data Archiving and Networking Services},
	date = {11-Apr-2019},
	howpublished = {\url{https://explore.openaire.eu}},
}
